%YAML 1.1
%TAG !u! tag:unity3d.com,2011:
--- !u!1001 &100100000
Prefab:
  m_ObjectHideFlags: 1
  serializedVersion: 2
  m_Modification:
    m_TransformParent: {fileID: 0}
    m_Modifications: []
    m_RemovedComponents: []
  m_ParentPrefab: {fileID: 0}
  m_RootGameObject: {fileID: 1705601985164150}
  m_IsPrefabParent: 1
--- !u!1 &1705601985164150
GameObject:
  m_ObjectHideFlags: 0
  m_PrefabParentObject: {fileID: 0}
  m_PrefabInternal: {fileID: 100100000}
  serializedVersion: 5
  m_Component:
  - component: {fileID: 4626196386916184}
  - component: {fileID: 212839415992061556}
  - component: {fileID: 61084298559108472}
  - component: {fileID: 114849945111566412}
  - component: {fileID: 114453251539554712}
  m_Layer: 0
  m_Name: YellowGunPicker
  m_TagString: Untagged
  m_Icon: {fileID: 0}
  m_NavMeshLayer: 0
  m_StaticEditorFlags: 0
  m_IsActive: 1
--- !u!4 &4626196386916184
Transform:
  m_ObjectHideFlags: 1
  m_PrefabParentObject: {fileID: 0}
  m_PrefabInternal: {fileID: 100100000}
  m_GameObject: {fileID: 1705601985164150}
  m_LocalRotation: {x: 0, y: 0, z: 0, w: 1}
  m_LocalPosition: {x: 5.5, y: 54.02, z: 0}
  m_LocalScale: {x: 1, y: 1, z: 1}
  m_Children: []
  m_Father: {fileID: 0}
  m_RootOrder: 0
  m_LocalEulerAnglesHint: {x: 0, y: 0, z: 0}
--- !u!61 &61084298559108472
BoxCollider2D:
  m_ObjectHideFlags: 1
  m_PrefabParentObject: {fileID: 0}
  m_PrefabInternal: {fileID: 100100000}
  m_GameObject: {fileID: 1705601985164150}
  m_Enabled: 1
  m_Density: 1
  m_Material: {fileID: 0}
  m_IsTrigger: 1
  m_UsedByEffector: 0
  m_UsedByComposite: 0
  m_Offset: {x: 0, y: 0}
  m_SpriteTilingProperty:
    border: {x: 0, y: 0, z: 0, w: 0}
    pivot: {x: 0.5, y: 0.5}
    oldSize: {x: 1.28, y: 1.28}
    newSize: {x: 1, y: 1}
    adaptiveTilingThreshold: 0.5
    drawMode: 0
    adaptiveTiling: 0
  m_AutoTiling: 0
  serializedVersion: 2
  m_Size: {x: 1, y: 1}
  m_EdgeRadius: 0
--- !u!114 &114453251539554712
MonoBehaviour:
  m_ObjectHideFlags: 1
  m_PrefabParentObject: {fileID: 0}
  m_PrefabInternal: {fileID: 100100000}
  m_GameObject: {fileID: 1705601985164150}
  m_Enabled: 1
  m_EditorHideFlags: 0
  m_Script: {fileID: 11500000, guid: 5a57209c136fe49c7877bef014f22ff4, type: 3}
  m_Name: 
  m_EditorClassIdentifier: 
  Effect: {fileID: 1103069295406292, guid: b61795ec9f758134994ea7504adacafb, type: 2}
  PickSfx: {fileID: 8300000, guid: cebbc25699ec0b341b9886728dbb79e7, type: 3}
  DisableObjectOnPick: 1
  WeaponToGive: {fileID: 114132118642244936, guid: 4e1ba3980f6419b488b7682f5fcca8e4,
    type: 2}
  weaponType: 2
  weaponPickupEvent:
    m_PersistentCalls:
      m_Calls:
      - m_Target: {fileID: 0}
        m_MethodName: SetCurrentWeapon
        m_Mode: 0
        m_Arguments:
          m_ObjectArgument: {fileID: 0}
          m_ObjectArgumentAssemblyTypeName: UnityEngine.Object, UnityEngine
          m_IntArgument: 0
          m_FloatArgument: 0
          m_StringArgument: 
          m_BoolArgument: 0
        m_CallState: 2
    m_TypeName: WeaponPickupEvent, Assembly-CSharp, Version=0.0.0.0, Culture=neutral,
      PublicKeyToken=null
--- !u!114 &114849945111566412
MonoBehaviour:
  m_ObjectHideFlags: 1
  m_PrefabParentObject: {fileID: 0}
  m_PrefabInternal: {fileID: 100100000}
  m_GameObject: {fileID: 1705601985164150}
  m_Enabled: 1
  m_EditorHideFlags: 0
  m_Script: {fileID: 11500000, guid: df1508296b0904b1ba069c225eb6482a, type: 3}
  m_Name: 
  m_EditorClassIdentifier: 
  RespawnOnPlayerRespawn: 0
  RepositionToInitOnPlayerRespawn: 0
  AutoRespawnDuration: 0
  RespawnEffect: {fileID: 0}
  RespawnSfx: {fileID: 0}
--- !u!212 &212839415992061556
SpriteRenderer:
  m_ObjectHideFlags: 1
  m_PrefabParentObject: {fileID: 0}
  m_PrefabInternal: {fileID: 100100000}
  m_GameObject: {fileID: 1705601985164150}
  m_Enabled: 1
  m_CastShadows: 0
  m_ReceiveShadows: 0
  m_DynamicOccludee: 1
  m_MotionVectors: 1
  m_LightProbeUsage: 0
  m_ReflectionProbeUsage: 0
  m_Materials:
  - {fileID: 10754, guid: 0000000000000000f000000000000000, type: 0}
  m_StaticBatchInfo:
    firstSubMesh: 0
    subMeshCount: 0
  m_StaticBatchRoot: {fileID: 0}
  m_ProbeAnchor: {fileID: 0}
  m_LightProbeVolumeOverride: {fileID: 0}
  m_ScaleInLightmap: 1
  m_PreserveUVs: 0
  m_IgnoreNormalsForChartDetection: 0
  m_ImportantGI: 0
  m_StitchLightmapSeams: 0
  m_SelectedEditorRenderState: 0
  m_MinimumChartSize: 4
  m_AutoUVMaxDistance: 0.5
  m_AutoUVMaxAngle: 89
  m_LightmapParameters: {fileID: 0}
  m_SortingLayerID: 0
  m_SortingLayer: 0
  m_SortingOrder: 0
  m_Sprite: {fileID: 21300000, guid: 16a86a7f581fc4dfb953e0df8ad3ecac, type: 3}
  m_Color: {r: 1, g: 1, b: 0, a: 1}
  m_FlipX: 0
  m_FlipY: 0
  m_DrawMode: 0
  m_Size: {x: 1, y: 1}
  m_AdaptiveModeThreshold: 0.5
  m_SpriteTileMode: 0
  m_WasSpriteAssigned: 1
  m_MaskInteraction: 0
